@inproceedings{hoenisch2018aodv,
title={AODV--Based Routing for Payment Channel Networks},
author={Hoenisch, Philipp and Weber, Ingo},
booktitle={International Conference on Blockchain},
pages={107--124},
year={2018},
organization={Springer}
}

@article{nakamoto2008bitcoin,
title={Bitcoin: A peer-to-peer electronic cash system},
author={Nakamoto, Satoshi},
year={2008},
publisher={Working Paper}
}

@book{swan2015blockchain,
title={Blockchain: Blueprint for a new economy},
author={Swan, Melanie},
year={2015},
publisher={" O'Reilly Media, Inc."}
}

@Misc{iot_economic,
howpublished = {\url{https://www.gartner.com/newsroom/id/2636073}},
note = {Accessed November 22, 2018},
title = {Gartner Says the Internet of Things Installed Base Will Grow to 26 Billion Units By 2020},
author = {Gartner}
}

@Misc{new_layer_economy,
howpublished = {\url{https://rossdawson.com/blog/new-layer-economy-enabled-m2m-payments-internet-things/}},
note = {Accessed November 22, 2018},
title = {The new layer of the economy enabled by M2M payments in the Internet of Things},
author = {Ross Dawson}
}

@Misc{blockchain_problem,
howpublished = {\url{https://www.cnbc.com/2018/06/18/blockchain-what-is-it-and-how-does-it-work.html}},
note = {Accessed November 22, 2018},
title = {Everything you need to know about the blockchain},
author = {Arjun Kharpal}
}

@article{poon2016bitcoin,
title={The bitcoin lightning network: Scalable off-chain instant payments},
author={Poon, Joseph and Dryja, Thaddeus},
journal={See https://lightning. network/lightning-network-paper. pdf},
year={2016}
}

@book{medhi2017network,
title={Network routing: algorithms, protocols, and architectures},
author={Medhi, Deep and Ramasamy, Karthik},
year={2017},
publisher={Morgan Kaufmann}
}

@inproceedings{Alslaim2014,
doi = {10.1109/icend.2014.6991375},
url = {https://doi.org/10.1109/icend.2014.6991375},
year  = {2014},
month = {apr},
publisher = {{IEEE}},
author = {Mona N. Alslaim and Haifaa A. Alaqel and Soha S. Zaghloul},
title = {A comparative study of {MANET} routing protocols},
booktitle = {The Third International Conference on e-Technologies and Networks for Development ({ICeND}2014)}
}

@article{Murthy1996,
doi = {10.1007/bf01193336},
url = {https://doi.org/10.1007/bf01193336},
year  = {1996},
month = {jun},
publisher = {Springer Nature},
volume = {1},
number = {2},
pages = {183--197},
author = {Shree Murthy and J. J. Garcia-Luna-Aceves},
title = {An efficient routing protocol for wireless networks},
journal = {Mobile Networks and Applications}
}

@inproceedings{Perkins1999,
doi = {10.1109/mcsa.1999.749281},
url = {https://doi.org/10.1109/mcsa.1999.749281},
year  = {1999},
publisher = {{IEEE}},
author = {C.E. Perkins and E.M. Royer},
title = {Ad-hoc on-demand distance vector routing},
booktitle = {Proceedings {WMCSA}{\textquotesingle}99. Second {IEEE} Workshop on Mobile Computing Systems and Applications}
}

@incollection{Johnson,
doi = {10.1007/978-0-585-29603-6_5},
url = {https://doi.org/10.1007/978-0-585-29603-6_5},
publisher = {Springer {US}},
pages = {153--181},
author = {David B. Johnson and David A. Maltz},
title = {Dynamic Source Routing in Ad Hoc Wireless Networks},
booktitle = {The Kluwer International Series in Engineering and Computer Science}
}

@inproceedings{Guangyu,
doi = {10.1109/mobhoc.2000.869208},
url = {https://doi.org/10.1109/mobhoc.2000.869208},
publisher = {{IEEE}},
author = {P. Guangyu and M. Geria and  Xiaoyan Hong},
title = {{LANMAR}: landmark routing for large scale wireless ad hoc networks with group mobility},
booktitle = {2000 First Annual Workshop on Mobile and Ad Hoc Networking and Computing. {MobiHOC} (Cat. No.00EX444)}
}

@inproceedings{mitton2005distributed,
title={Distributed node location in clustered multi-hop wireless networks},
author={Mitton, Nathalie and Fleury, Eric},
booktitle={Asian Internet Engineering Conference},
pages={112--127},
year={2005},
organization={Springer}
}

@inproceedings{Karp2000,
doi = {10.1145/345910.345953},
url = {https://doi.org/10.1145/345910.345953},
year  = {2000},
publisher = {{ACM} Press},
author = {Brad Karp and H. T. Kung},
title = {{GPSR}},
booktitle = {Proceedings of the 6th annual international conference on Mobile computing and networking  - {MobiCom} {\textquotesingle}00}
}

@inproceedings{fonseca2005beacon,
title={Beacon vector routing: Scalable point-to-point routing in wireless sensornets},
author={Fonseca, Rodrigo and Ratnasamy, Sylvia and Zhao, Jerry and Ee, Cheng Tien and Culler, David and Shenker, Scott and Stoica, Ion},
booktitle={Proceedings of the 2nd Conference on Symposium on Networked Systems Design \& Implementation-Volume 2},
pages={329--342},
year={2005},
organization={USENIX Association}
}

@article{prihodko2016flare,
title={Flare: An approach to routing in lightning network},
author={Prihodko, Pavel and Zhigulin, Slava and Sahno, Mykola and Ostrovskiy, Aleksei and Osuntokun, Olaoluwa},
journal={White Paper (bitfury. com/content/5-white-papers-research/whitepaper\_flare\_an\_approach\_to\_routing\_in\_lightning\_n etwork\_7\_7\_2016. pdf)},
year={2016}
}

@Misc{beliefs,
howpublished = {\url{https://chrispacia.wordpress.com/2015/12/23/lightning-network-skepticism/}},
note = {Accessed November 25, 2018},
title = {Lightning Network Skepticism},
author = {Chris Pacia}
}

@techreport{Perkins2003,
doi = {10.17487/rfc3561},
url = {https://doi.org/10.17487/rfc3561},
year  = {2003},
month = {jul},
publisher = {{RFC} Editor},
author = {C. Perkins and E. Belding-Royer and S. Das},
title = {Ad hoc On-Demand Distance Vector ({AODV}) Routing}
}

@Misc{cs647_aodv,
howpublished = {\url{https://www.cs.jhu.edu/~cs647/aodv.pdf}},
note = {Accessed November 28, 2018},
title = {Ad hoc On Demand Distance
Vector (AODV) Routing Protocol
},
author = {Baruch Awerbuch and Amitabh Mishra}
}

@Misc{cs441_manet,
howpublished = {\url{http://www2.cs.siu.edu/~cs441/lectures/Routing_MANET2.ppt}},
note = {Accessed November 28, 2018},
title = {Routing Protocols for MANETs-2},
author = {Kemal Akkaya}
}

@article{watts1998collective,
title={Collective dynamics of ‘small-world’networks},
author={Watts, Duncan J and Strogatz, Steven H},
journal={nature},
volume={393},
number={6684},
pages={440},
year={1998},
publisher={Nature Publishing Group}
}

@book{bollaba1985random,
title={Random Graphs},
author={Bela Bollobas},
year={1985},
publisher={Academic Pr}
}

@Misc{gs-ui-swing,
howpublished = {\url{https://github.com/graphstream/gs-ui-swing}},
note = {Accessed November 28, 2018},
title = {GraphStream Swing user interface},
author = {Antoine Dutot}
}

@Misc{coin_market_cap,
howpublished = {\url{https://coinmarketcap.com/}},
note = {Accessed November 28, 2018},
title = {Top 100 Cryptocurrencies by Market Capitalization},
author = {Coin Market Cap}
}